@book{rekursion,
  author    = {Michael J., Klaus M. and Bernt H.},
  title     = {Mat A HTX Systime},
  year      = {2021},
  publisher = {Systime Kopiering},
}
